<?xml version="1.0" encoding="UTF-8"?><collection xmlns="http://www.loc.gov/MARC21/slim"><record><leader>00377nam--2200145-i-4500</leader><controlfield tag="001">000040153</controlfield><controlfield tag="002">20161230</controlfield><controlfield tag="005">20161230201042</controlfield><controlfield tag="008">060222s1000------------r-----000-0-eng-d</controlfield><datafield ind1=" " ind2=" " tag="080"><subfield code="a">517</subfield></datafield><datafield ind1=" " ind2=" " tag="100"><subfield code="a">Rus, Ioan A</subfield></datafield><datafield ind1=" " ind2=" " tag="245"><subfield code="a">Principii si aplicatii ale teoriei punctului fix</subfield></datafield><datafield ind1=" " ind2=" " tag="260"><subfield code="a">Cluj-napoca, Ed.Dacia, 1979, 261p</subfield></datafield><datafield ind1=" " ind2=" " tag="852"><subfield code="a">79710</subfield><subfield code="c">517</subfield></datafield><datafield ind1=" " ind2=" " tag="CAT"><subfield code="a">Sys</subfield><subfield code="c">20080711</subfield><subfield code="h">093940</subfield></datafield></record></collection>